<?xml version="1.0" encoding="UTF-8"?><record xmlns="http://www.loc.gov/MARC21/slim" xmlns:cinclude="http://apache.org/cocoon/include/1.0" xmlns:zs="http://www.loc.gov/zing/srw/">
  <leader>00829cz  a2200145n  4500</leader>
  <controlfield tag="001">n 2004094867</controlfield>
  <controlfield tag="003">DLC</controlfield>
  <controlfield tag="005">20120815080823.0</controlfield>
  <controlfield tag="008">040429n| acannaabn          |a ana      </controlfield>
  <datafield tag="010" ind1=" " ind2=" ">
    <subfield code="a">n 2004094867</subfield>
  </datafield>
  <datafield tag="040" ind1=" " ind2=" ">
    <subfield code="a">DLC</subfield>
    <subfield code="b">eng</subfield>
    <subfield code="c">DLC</subfield>
    <subfield code="d">DLC</subfield>
  </datafield>
  <datafield tag="111" ind1="2" ind2=" ">
    <subfield code="a">Mezhdunarodnai︠a︡ konferent︠s︡ii︠a︡ "Armii︠a︡ i obshchestvo v uslovii︠a︡kh peremen"</subfield>
    <subfield code="d">(1997 :</subfield>
    <subfield code="c">Nizhniĭ Novgorod, Russia)</subfield>
  </datafield>
  <datafield tag="411" ind1="2" ind2=" ">
    <subfield code="a">Konferent︠s︡ii︠a︡ "Armii︠a︡ i obshchestvo v uslovii︠a︡kh peremen", Mezhdunarodnai︠a︡</subfield>
  </datafield>
  <datafield tag="667" ind1=" " ind2=" ">
    <subfield code="a">THIS 1XX FIELD CANNOT BE USED UNDER RDA UNTIL THIS RECORD HAS BEEN REVIEWED AND/OR UPDATED</subfield>
  </datafield>
  <datafield tag="670" ind1=" " ind2=" ">
    <subfield code="a">Armii︠a︡ i obshchestvo v uslovii︠a︡kh peremen, 1997:</subfield>
    <subfield code="b">t.p. verso ( Mezhdunarodnoĭ konferent︠s︡ii "Armii︠a︡ i obshchestvo v uslovii︠a︡kh peremen" ; held Feb. 14-15, 1997 in Nizhniĭ Novgorod)</subfield>
  </datafield>
</record>